@article {Bell2006,
author = {Bell, Andrew S. and De. Roode, Jacobus C. and Sim, Derek and Read, Andrew F.},
title = {Within-host competition in genetically diverse malaria infection: parasite virulence and competitive success.},
journal = {Evolution},
volume = {60},
number = {7},
publisher = {Blackwell Publishing Ltd},
issn = {1558-5646},
url = {http://dx.doi.org/10.1111/j.0014-3820.2006.tb01215.x},
doi = {10.1111/j.0014-3820.2006.tb01215.x},
pages = {1358--1371},
keywords = {Competitive suppression, Malaria, Plasmodium chabaudi, virulence, within-host competition},
year = {2006},
}


@article{Bhatt2015,
title = {The effect of malaria control on {\it Plasmodium falciparum} in Africa between 2000 and 2015.},
journal = {Nature},
volume = {526},
pages = {207--211},
year = {2015},
author = {S. Bhatt and D. J. Weiss and E. Cameron and D. Bisanzio and B. Mappin and U. Dalrymple and K. E. Battle and C. L. Moyes and A. Henry and P. A. Eckhoff and E. A. Wenger and O. Briët and M. A. Penny and T. A. Smith and A. Bennett and J. Yukich and T. P. Eisele and J. T. Griffin and C. A. Fergus and M. Lynch and F. Lindgren and J. M. Cohen and C. L. J. Murray and D. L. Smith and S. I. Hay and R. E. Cibulskis and P. W. Gething}
}


@article{Borrmann2011,
title = "Protective immunity against malaria by ‘natural immunization’: a question of dose, parasite diversity, or both?",
journal = "Current Opinion in Immunology",
volume = "23",
number = "4",
pages = "500 - 508",
year = "2011",
note = "Host pathogens/Immune senescence",
issn = "0952-7915",
doi = "https://doi.org/10.1016/j.coi.2011.05.009",
url = "http://www.sciencedirect.com/science/article/pii/S0952791511000665",
author = "Steffen Borrmann and Kai Matuschewski"
}


@article{Bruce2002,
title = "Cross-species regulation of malaria parasitaemia in the human host",
journal = "Current Opinion in Microbiology",
volume = "5",
number = "4",
pages = "431 - 437",
year = "2002",
issn = "1369-5274",
doi = "https://doi.org/10.1016/S1369-5274(02)00348-X",
url = "http://www.sciencedirect.com/science/article/pii/S136952740200348X",
author = "Marian C Bruce and Karen P Day",
keywords = "cross-species regulation, malaria, Plasmodium, falciparum, density, Papua, Microbiology, Parasitology"
}


@article{Chang2015,
author = {Chang, Christopher C and Chow, Carson C and Tellier, Laurent CAM and Vattikuti, Shashaank and Purcell, Shaun M and Lee, James J},
title = {Second-generation PLINK: rising to the challenge of larger and richer datasets},
journal = {GigaScience},
volume = {4},
number = {1},
pages = {1-16},
year = {2015},
doi = {10.1186/s13742-015-0047-8},
URL = { + http://dx.doi.org/10.1186/s13742-015-0047-8},
eprint = {/oup/backfile/content_public/journal/gigascience/4/1/10.1186_s13742-015-0047-8/6/13742_2015_article_47.pdf}
}


@article{Chang2017,
    author = {Chang, Hsiao-Han AND Worby, Colin J. AND Yeka, Adoke AND Nankabirwa, Joaniter AND Kamya, Moses R. AND Staedke, Sarah G. AND Dorsey, Grant AND Murphy, Maxwell AND Neafsey, Daniel E. AND Jeffreys, Anna E. AND Hubbart, Christina AND Rockett, Kirk A. AND Amato, Roberto AND Kwiatkowski, Dominic P. AND Buckee, Caroline O. AND Greenhouse, Bryan},
    journal = {PLOS Computational Biology},
    publisher = {Public Library of Science},
    title = {THE REAL McCOIL: A method for the concurrent estimation of the complexity of infection and SNP allele frequency for malaria parasites},
    year = {2017},
    month = {01},
    volume = {13},
    url = {https://doi.org/10.1371/journal.pcbi.1005348},
    pages = {1-18},
    number = {1},
    doi = {10.1371/journal.pcbi.1005348}
}


@article{Collins2012,
author = {William E. Collins},
title = {Plasmodium knowlesi: A Malaria Parasite of Monkeys and Humans},
journal = {Annual Review of Entomology},
volume = {57},
number = {1},
pages = {107-121},
year = {2012},
doi = {10.1146/annurev-ento-121510-133540},
    note ={PMID: 22149265},

URL = {
        https://doi.org/10.1146/annurev-ento-121510-133540
}
}


@article {deRoode2005,
	author = {de Roode, Jacobus C. and Pansini, Riccardo and Cheesman, Sandra J. and Helinski, Michelle E. H. and Huijben, Silvie and Wargo, Andrew R. and Bell, Andrew S. and Chan, Brian H. K. and Walliker, David and Read, Andrew F.},
	title = {Virulence and competitive ability in genetically diverse malaria infections},
	volume = {102},
	number = {21},
	pages = {7624--7628},
	year = {2005},
	doi = {10.1073/pnas.0500078102},
	publisher = {National Academy of Sciences},
	issn = {0027-8424},
	URL = {http://www.pnas.org/content/102/21/7624},
	eprint = {http://www.pnas.org/content/102/21/7624.full.pdf},
	journal = {Proceedings of the National Academy of Sciences}
}


@Article{Galinsky2015,
author="Galinsky, Kevin
and Valim, Clarissa
and Salmier, Arielle
and de Thoisy, Benoit
and Musset, Lise
and Legrand, Eric
and Faust, Aubrey
and Baniecki, Mary Lynn
and Ndiaye, Daouda
and Daniels, Rachel F.
and Hartl, Daniel L.
and Sabeti, Pardis C.
and Wirth, Dyann F.
and Volkman, Sarah K.
and Neafsey, Daniel E.",
title="COIL: a methodology for evaluating malarial complexity of infection using likelihood from single nucleotide polymorphism data",
journal="Malaria Journal",
year="2015",
month="Jan",
day="19",
volume="14",
number="1",
pages="4",
issn="1475-2875",
doi="10.1186/1475-2875-14-4",
url="https://doi.org/10.1186/1475-2875-14-4"
}


@article{Howes2016,
journal = {The American Journal of Tropical Medicine and Hygiene},
title = {Global Epidemiology of {\it Plasmodium vivax}},
pages = {15--34},
volume = {95},
year = {2016},
author = {Rosalind E. Howes and Katherine E. Battle and Kamini N. Mendis and David L. Smith and Richard E. Cibulskis and J. Kevin Baird and Simon I. Hay}
}


@article{Mueller2007,
journal = {Trends in Parasitology},
title = {{\it Plasmodium malariae} and {\it Plasmodium ovale} -- the ``bashful'' malaria parasites.},
author = {Ivo Mueller, Peter A. Zimmerman, John C. Reeder},
volume = {23},
issue = {6},
year = {2007},
pages = {278--283}
}


@article{Mzilahowa2007,
    author = {Mzilahowa, Themba AND McCall, Philip J. AND Hastings, Ian M.},
    journal = {PLOS ONE},
    publisher = {Public Library of Science},
    title = {“Sexual” Population Structure and Genetics of the Malaria Agent P. falciparum},
    year = {2007},
    month = {07},
    volume = {2},
    url = {https://doi.org/10.1371/journal.pone.0000613},
    pages = {1-8},
    number = {7},
    doi = {10.1371/journal.pone.0000613}
}


@article{Pearson2016,
title = {Genomic analysis of local variation and recent evolution in {\it Plasmodium vivax}.},
journal = {Nature Genetics},
volume = {48},
pages = {959--964},
year = 2016,
author = {Richard D Pearson and Roberto Amato and Sarah Auburn and Olivo Miotto and Jacob Almagro-Garcia and Chanaki Amaratunga and Seila Suon and Sivanna Mao and Rintis Noviyanti and Hidayat Trimarsanto and Jutta Marfurt and Nicholas M Anstey and Timothy William and Maciej F Boni and Christiane Dolecek and Hien Tinh Tran and Nicholas J White and Pascal Michon and Peter Siba and Livingstone Tavul and Gabrielle Harrison and Alyssa Barry and Ivo Mueller and Marcelo U Ferreira and Nadira Karunaweera and Milijaona Randrianarivelojosia and Qi Gao and Christina Hubbart and Lee Hart and Ben Jeffery and Eleanor Drury and Daniel Mead and Mihir Kekre and Susana Campino and Magnus Manske and Victoria J Cornelius and Bronwyn MacInnis and Kirk A Rockett and Alistair Miles and Julian C Rayner and Rick M Fairhurst and Francois Nosten and Ric N Price and Dominic P Kwiatkowski}
}


@article{Jack2016,
    author = {O’Brien, John D. AND Iqbal, Zamin AND Wendler, Jason AND Amenga-Etego, Lucas},
    journal = {PLOS Computational Biology},
    publisher = {Public Library of Science},
    title = {Inferring Strain Mixture within Clinical Plasmodium falciparum Isolates from Genomic Sequence Data},
    year = {2016},
    month = {06},
    volume = {12},
    url = {https://doi.org/10.1371/journal.pcbi.1004824},
    pages = {1-20},
    abstract = {Author Summary Since the 1960’s researchers have observed that Plasmodium falciparum infections, the cause of most severe malaria, are frequently composed of several different strains of the parasite. In this work, the authors use Bayesian methods on whole genome sequence data to model the structure of these mixtures. Results from this method are consistent with previous approaches but provide finer resolution of these mixtures. As whole genome data in malaria research becomes increasingly common, this work will allow researchers to delve further into the within-host dynamics of the parasite, a much-discussed but previously difficult-to-access aspect of this disease.},
    number = {6},
    doi = {10.1371/journal.pcbi.1004824}
}


@Article{Steenkeste2010,
author="Steenkeste, Nicolas
and Rogers, William O.
and Okell, Lucy
and Jeanne, Isabelle
and Incardona, Sandra
and Duval, Linda
and Chy, Sophy
and Hewitt, Sean
and Chou, Monidarin
and Socheat, Duong
and Babin, Fran{\c{c}}ois-Xavier
and Ariey, Fr{\'e}d{\'e}ric
and Rogier, Christophe",
title="Sub-microscopic malaria cases and mixed malaria infection in a remote area of high malaria endemicity in Rattanakiri province, Cambodia: implication for malaria elimination",
journal="Malaria Journal",
year="2010",
month="Apr",
day="22",
volume="9",
number="1",
pages="108",
issn="1475-2875",
doi="10.1186/1475-2875-9-108",
url="https://doi.org/10.1186/1475-2875-9-108"
}


@article {Zhu2017,
author = {Zhu, Sha Joe and Almagro-Garcia, Jacob and McVean, Gil},
title = {Deconvolution of multiple infections in {{\it Plasmodium falciparum}} from high throughput sequencing data},
year = {2018},
volume = {34},
issue = {1},
pages = {9--15},
doi = {10.1093/bioinformatics/btx530},
URL = {https://doi.org/10.1093/bioinformatics/btx530},
journal = {Bioinformatics}
}


@Article{Zimmerman2004,
author={Zimmerman, Peter A.
and Mehlotra, Rajeev K.
and Kasehagen, Laurin J.
and Kazura, James W.},
title={Why do we need to know more about mixed {\it Plasmodium} species infections in humans?},
journal={Trends in Parasitology},
year={2004},
month={2018/02/05},
publisher={Elsevier},
volume={20},
number={9},
pages={440-447},
issn={1471-4922},
doi={10.1016/j.pt.2004.07.004},
url={http://dx.doi.org/10.1016/j.pt.2004.07.004}
}

